<record><leader>00000cas a2200000 i 4500</leader><controlfield tag="001">507436158</controlfield><controlfield tag="006">m     o  d        </controlfield><controlfield tag="007">cr |n|||||||||</controlfield><controlfield tag="008">831209d18831888msuwr neo     0   a0eng d</controlfield><datafield ind1=" " ind2=" " tag="010"><subfield code="a">  2015270579</subfield></datafield><datafield ind1=" " ind2=" " tag="040"><subfield code="a">OKU</subfield><subfield code="b">eng</subfield><subfield code="c">OKU</subfield><subfield code="d">OCLCQ</subfield><subfield code="d">OCLCO</subfield><subfield code="d">DLC</subfield><subfield code="d">OCLCF</subfield></datafield><datafield ind1="0" ind2=" " tag="022"><subfield code="a">2469-3596</subfield><subfield code="2">1</subfield></datafield><datafield ind1="1" ind2=" " tag="029"><subfield code="a">AU@</subfield><subfield code="b">000045732009</subfield></datafield><datafield ind1=" " ind2=" " tag="042"><subfield code="a">msc</subfield><subfield code="a">nsdp</subfield></datafield><datafield ind1=" " ind2=" " tag="043"><subfield code="a">n-us-ms</subfield></datafield><datafield ind1="1" ind2="0" tag="050"><subfield code="a">ISSN RECORD</subfield></datafield><datafield ind1="1" ind2="0" tag="082"><subfield code="a">071</subfield><subfield code="2">23</subfield></datafield><datafield ind1="0" ind2=" " tag="130"><subfield code="a">Clarion (Jackson, Miss.)</subfield></datafield><datafield ind1=" " ind2="4" tag="222"><subfield code="a">The clarion</subfield><subfield code="b">(Jackson, Miss. Online)</subfield></datafield><datafield ind1="1" ind2="4" tag="245"><subfield code="a">The clarion.</subfield></datafield><datafield ind1=" " ind2="1" tag="264"><subfield code="a">Jackson, Mississippi :</subfield><subfield code="b">Power &amp; Barksdale,</subfield><subfield code="c">1883-1888.</subfield></datafield><datafield ind1=" " ind2=" " tag="300"><subfield code="a">1 online resource</subfield></datafield><datafield ind1=" " ind2=" " tag="310"><subfield code="a">Weekly</subfield></datafield><datafield ind1=" " ind2=" " tag="336"><subfield code="a">text</subfield><subfield code="b">txt</subfield><subfield code="2">rdacontent</subfield></datafield><datafield ind1=" " ind2=" " tag="337"><subfield code="a">computer</subfield><subfield code="b">c</subfield><subfield code="2">rdamedia</subfield></datafield><datafield ind1=" " ind2=" " tag="338"><subfield code="a">online resource</subfield><subfield code="b">cr</subfield><subfield code="2">rdacarrier</subfield></datafield><datafield ind1="1" ind2=" " tag="362"><subfield code="a">Began with vol. XLVI, no. I (January 3, 1883); ceased with vol. 51, no. 49 (January 11, 1888).</subfield></datafield><datafield ind1=" " ind2=" " tag="500"><subfield code="a">Democratic. Cf. Ayer, 1889.</subfield></datafield><datafield ind1=" " ind2=" " tag="500"><subfield code="a">Publisher: J. L. Power, &lt;January 5, 1887&gt;-January 11, 1888.</subfield></datafield><datafield ind1=" " ind2=" " tag="580"><subfield code="a">Daily ed.: Daily clarion (Jackson, Miss. : 1866).</subfield></datafield><datafield ind1=" " ind2=" " tag="580"><subfield code="a">Merged with: State ledger (Jackson, Miss.), to form: Clarion ledger (Jackson, Miss. : 1888).</subfield></datafield><datafield ind1=" " ind2=" " tag="588"><subfield code="a">Description based on: Vol. XLVI, no. I (January 3, 1883); title from masthead (Chroniclingamerica.loc.gov, viewed November 10, 2015).</subfield></datafield><datafield ind1=" " ind2=" " tag="588"><subfield code="a">Latest issue consulted: Vol. 51, no. 49 (January 11, 1888) (Chroniclingamerica.loc.gov, viewed November 10, 2015).</subfield></datafield><datafield ind1=" " ind2="0" tag="651"><subfield code="a">Jackson (Miss.)</subfield><subfield code="v">Newspapers.</subfield></datafield><datafield ind1=" " ind2="7" tag="655"><subfield code="a">Newspapers.</subfield><subfield code="2">fast</subfield><subfield code="0">(OCoLC)fst01423814</subfield></datafield><datafield ind1=" " ind2="7" tag="651"><subfield code="a">Mississippi</subfield><subfield code="z">Jackson.</subfield><subfield code="2">fast</subfield><subfield code="0">(OCoLC)fst01205500</subfield></datafield><datafield ind1=" " ind2=" " tag="752"><subfield code="a">United States</subfield><subfield code="b">Mississippi</subfield><subfield code="c">Hinds</subfield><subfield code="d">Jackson.</subfield></datafield><datafield ind1="1" ind2=" " tag="775"><subfield code="t">Daily clarion (Jackson, Miss. : 1866)</subfield></datafield><datafield ind1="0" ind2="8" tag="776"><subfield code="i">Originally issued on print:</subfield><subfield code="t">Clarion (Jackson, Miss.)</subfield><subfield code="x">2469-3588</subfield><subfield code="w">(DLC)sn 83016925</subfield><subfield code="w">(OCoLC)10205935</subfield></datafield><datafield ind1="0" ind2="0" tag="780"><subfield code="t">Weekly clarion (Meridian, Miss. : 1863)</subfield></datafield><datafield ind1="1" ind2="7" tag="785"><subfield code="t">State ledger (Jackson, Miss.)</subfield></datafield><datafield ind1="1" ind2="7" tag="785"><subfield code="t">Clarion ledger (Jackson, Miss. : 1888)</subfield></datafield><datafield ind1="4" ind2="0" tag="856"><subfield code="z">Full text available from Early American Newspapers, Series II: 01/06/1886 to 01/11/1888</subfield><subfield code="u">http://libraries.ou.edu/resolveaccess.aspx?id=GAV&amp;url=http://infoweb.newsbank.com/?db=EANX&amp;s_browseRef=decades/11060C318238E8A0/all.xml</subfield></datafield><datafield ind1="4" ind2="0" tag="856"><subfield code="u">http://www.loc.gov/chroniclingamerica/lccn/sn83016925/issues</subfield></datafield></record>